@article{lessismore2022,
  title   = {Less Is More: Linear Layers on CLIP Features as Powerful VizWiz Model},
  author  = {Deuser, J. RÃ¶sch and others},
  year    = {2022},
  journal = {arXiv preprint arXiv:2206.05281},
  url     = {https://arxiv.org/abs/2206.05281}
}

@article{clip2021,
  title   = {Learning Transferable Visual Models From Natural Language Supervision},
  author  = {Radford, Alec and others},
  year    = {2021},
  journal = {arXiv preprint arXiv:2103.00020},
  url     = {https://arxiv.org/abs/2103.00020}
}

@misc{openai_clip,
  title   = {CLIP: Connecting Text and Images},
  author  = {OpenAI},
  year    = {2021},
  url     = {https://openai.com/index/clip/}
}

@misc{VQA_GitHub,
  author       = {Yousef Kotp},
  title        = {Visual Question Answering},
  year         = {2023},
  howpublished = {\url{https://github.com/yousefkotp/Visual-Question-Answering}},
  note         = {Accessed: 2025-09-18}
}
